@article{kramer1991nonlinear,
  title={Nonlinear principal component analysis using autoassociative neural networks},
  author={Kramer, Mark A},
  journal={AIChE journal},
  volume={37},
  number={2},
  pages={233--243},
  year={1991},
  publisher={Wiley Online Library}
}

@article{krizhevsky2009learning,
  title={Learning multiple layers of features from tiny images},
  author={Krizhevsky, Alex and Hinton, Geoffrey and others},
  year={2009},
  publisher={Citeseer}
}

@InProceedings{pmlr-v15-coates11a, 
 title = {An Analysis of Single-Layer Networks in Unsupervised Feature Learning},
 author = {Adam Coates and Andrew Ng and Honglak Lee},
 booktitle = {Proceedings of the Fourteenth International Conference on Artificial Intelligence and Statistics},
 pages = {215--223},
 year = {2011},
 editor = {Geoffrey Gordon and David Dunson and Miroslav Dud√≠k},
 volume = {15},
 series = {Proceedings of Machine Learning Research},
 publisher = {JMLR Workshop and Conference Proceedings},
 pdf = {http://proceedings.mlr.press/v15/coates11a/coates11a.pdf},
 url = {http://proceedings.mlr.press/v15/coates11a.html},
}
